/home/harry/Documents/phd/tex/mendeley-library/Thesis.bib